1145 1503
166 73 115 126 C

283 89 704 61 Est a grand tort q̃ moy messe tant dure/

292 141 636 55 Et que ie soye/ pour si bonne tenue/

166 187 711 57 Plus faulse chose ny a dessoubz la nue/

168 237 688 52 Plus endurer on ne ueult telle ordure.

216 285 761 57 ¶ Iay trop dure/ il est temps que ie meure/

161 332 662 54 A mort a mort tout le monde me crye

162 379 746 59 Comme monnoye faulse lon me descrye/

167 430 800 55 Don uoys tomber/ ie suys desia trop meure.

213 476 812 60 ¶ Cest le support que iay de uous sainct pere/

161 524 721 57 Ou sont uoz gens/ ou est uostre clergie/

161 572 658 56 Par qui leglise/ si tresmal est regie/

161 620 690 58 Si mal me uient/ ce uous est uitupere.

212 668 624 58 ¶ Ny a il droit/ ny a il escripture/

160 720 660 55 Par qui ie soye prouuee ⁊ maintenue

161 768 644 53 Plus contredire ie ne puis toute nue

158 815 610 56 A uerite/ qui contre moy procure.

212 860 808 61 ¶ Toꝰ mes suppotz maintenez uostre messe/

155 910 777 56 Qua uous se plaint bien dolente ⁊ marrie:

155 960 817 57 Uostre gland pance si long temps a nourrie/

157 1008 770 57 Uous la perdrez/ si ainsi lon me deschasse.

210 1056 773 59 ¶ Si nay secours de uous ausquelz me fie/

161 1103 543 57 Diuersitez de bestez insensees

161 1152 712 53 Et desguisees/ seront bien mal pensees

156 1200 591 56 Car Uerite puissante me deffie.

159 1249 874 57 ¶ Toꝰ mes chasteaulx/ prieurez/ autelz/ chapel

908 1297 120 55 (les/

151 1295 734 60 Clochiers ⁊ croix/ monasteres ⁊ cures:

152 1344 854 72 Mes triũphantes chansons/ marchez/ ⁊ foyres/
