1146 1498
126 88 782 55 Ruy ner uoys/ puis que la mort mappelle.

134 133 864 59 ¶ Mes champions mõstrez uostre uaillance/

126 183 700 55 Si Uerite par droict/ ne pouez uaincre

130 233 706 54 Par lescripture/ par la plume ⁊ lencre/

131 281 656 52 Bruslez/ noyez/ tuez en abondance.

186 328 761 56 ¶ A droict ou tort/ fault que cest euangile

129 376 671 54 Soit rue ius/ ou du tout suis perdue:

130 425 758 56 Car plus heureuse seroye de estre pendue/

130 471 795 55 Que aupres de luy estre en uillage ou uil le.

192 520 735 56 ¶ Par uostre effort/ si le pouez confondre

131 568 794 57 Plus uons feray riches que fustes oncques:

130 618 841 55 Satan mon pere uous maintiendra/ si dõcques

146 666 724 53 Tous dung accord a ce uoulez entendre.

185 712 705 57 ¶ Cest un ressort que feres par concile/

133 762 735 56 Non general/ mais secret en uoz salles/

133 810 824 51 Sans y admettre contraire aux Decretalles/

133 857 676 55 Ou autrement ne uous seroit facile.

188 904 773 56 ¶ Autre chanson contenant une partie des

198 956 744 60 damnables erreurs ⁊ abusions des mini¬

260 1001 628 59 stres de Lantechrist/ qui ont usurpe

405 1051 325 54 le nom de prestre.

262 1093 735 64 Prebstres prebstres ouyez uostre chanson/

252 1145 659 60 En uoz matines chantez ceste lecon/

134 1192 480 60 Puis questes tous plantez

133 1243 429 55 Contre Dieu ⁊ raison/

135 1290 437 57 Uous serez de splantez/

143 1337 422 71 Psus nest uostre saison.

136 1083 107 124 C

827 1201 181 58 Math.15.d.
